@article{noble2006support,
  title={What is a support vector machine?},
  author={Noble, William S},
  journal={Nature biotechnology},
  volume={24},
  number={12},
  pages={1565--1567},
  year={2006},
  publisher={Nature Publishing Group}
}
@inproceedings{ahmed2018noise,
  title={Noise matters: Using sensor and process noise fingerprint to detect stealthy cyber attacks and authenticate sensors in cps},
  author={Ahmed, Chuadhry Mujeeb and Zhou, Jianying and Mathur, Aditya P},
  booktitle={Proceedings of the 34th Annual Computer Security Applications Conference},
  pages={566--581},
  year={2018}
}
@article{pedregosa2011scikit,
  title={Scikit-learn: Machine learning in Python},
  author={Pedregosa, Fabian and Varoquaux, Ga{\"e}l and Gramfort, Alexandre and Michel, Vincent and Thirion, Bertrand and Grisel, Olivier and Blondel, Mathieu and Prettenhofer, Peter and Weiss, Ron and Dubourg, Vincent and others},
  journal={the Journal of machine Learning research},
  volume={12},
  pages={2825--2830},
  year={2011},
  publisher={JMLR. org}
}
@article{chang2011libsvm,
  title={LIBSVM: a library for support vector machines},
  author={Chang, Chih-Chung and Lin, Chih-Jen},
  journal={ACM transactions on intelligent systems and technology (TIST)},
  volume={2},
  number={3},
  pages={1--27},
  year={2011},
  publisher={Acm New York, NY, USA}
}
@article{refaeilzadeh2009cross,
  title={Cross-validation.},
  author={Refaeilzadeh, Payam and Tang, Lei and Liu, Huan},
  journal={Encyclopedia of database systems},
  volume={5},
  pages={532--538},
  year={2009},
  publisher={Springer}
}